@book{Helms2008Principles,
  title     = {Principles of Computational Cell Biology: From Protein Complexes to Cellular Networks, 2nd Edition},
  author    = {Helms, Volkhard},
  publisher = {Wiley-VCH},
  year      = {2008}
}
@article{Schubert2017Quantitative,
  title   = {Quantitative proteomics: challenges and opportunities in basic and applied research},
  author  = {Schubert, Olga T and R?St, Hannes L and Collins, Ben C and Rosenberger, George and Aebersold, Ruedi},
  journal = {Nature Protocols},
  volume  = {12},
  number  = {7},
  pages   = {1289-1294},
  year    = {2017}
}
@article{Gavin2018Functional,
  title   = {Functional organization of the yeast proteome by systematic analysis of protein complexes},
  author  = {Gavin, Anne Claude and Grandi, Paola and Boesche, Markus and Krause, Roland and Superti-Furga, Giulio},
  journal = {Journal of Economic Surveys},
  volume  = {2002年415卷6868期},
  number  = {4},
  pages   = {141-7页},
  year    = {2018}
}
@article{Rigaut1999A,
  title   = {A generic protein purification method for protein complex characterization and proteome exploration.},
  author  = {Rigaut, Guillaume and Shevchenko, Anna and Rutz, Berthold and Wilm, Matthias and Mann, Matthias and Séraphin, Bertrand},
  journal = {Nature Biotechnology},
  year    = {1999}
}
@article{Butland2005Interaction,
  title   = {Interaction network containing conserved and essential protein complexes in Escherichia coli.},
  author  = {Butland, G and Peregrin-Alvarez, JM and Li, J and Yang, WH and Yang, XC and Canadien, V and Starostine, A and Richards, D and Beattie, B and Krogan, N},
  journal = {Nature},
  volume  = {433},
  number  = {7025},
  pages   = {531-7},
  year    = {2005}
}

@article{Li1993Identification,
  title   = {Identification of mutations in p53 that affect its binding to SV40 large T antigen by using the yeast two-hybrid system.},
  author  = {Li, B. and Fields, S},
  journal = {Faseb Journal},
  volume  = {7},
  number  = {10},
  pages   = {957-963},
  year    = {1993}
}

@article{2001Protein,
  title   = {Protein–protein interaction maps: a lead towards cellular functions},
  author  = { Gauthier, J. M. },
  journal = {Trends in Genetics},
  volume  = {17},
  number  = {6},
  pages   = {346-352},
  year    = {2001}
}

@article{2001A,
  title={A Combined Experimental and Computational Strategy to Define Protein Interaction Networks for Peptide Recognition Modules},
  author={ Tong, A. H. Y. },
  journal={Science},
  year={2001},
}