
@article{lin_information-theoretic_1998,
	title = {An Information-Theoretic Definition of Similarity},
	issn = {undefined},
	url = {https://www.mendeley.com/catalogue/fe6118f5-3c64-38da-8f17-0e56d27e8778/},
	abstract = {(1998) Lin. {ICML}. Similarity is an important and widely used concept. Previous definitions of similarity are tied to a particular application or a form of knowledge representation. We present an in...},
	pages = {296--304},
	journaltitle = {{ICML}},
	author = {Lin, Dekang},
	urldate = {2020-12-20},
	date = {1998},
	langid = {british},
	file = {Snapshot:C\:\\Users\\hakao\\Zotero\\storage\\3FZNEAYK\\fe6118f5-3c64-38da-8f17-0e56d27e8778.html:text/html},
}